@inproceedings{al2018prevalence,
  title={What is the prevalence of cognitive impairment in lupus and which instruments are used to measure it? A systematic review and meta-analysis},
  author={Al Rayes, Hanan and Tani, Chiara and Kwan, Andrew and Marzouk, Sherief and Colosimo, Kenneth and Medina-Rosas, Jorge and Mustafa, Ahmed and Su, Jiandong and Lambiris, Panos and Mosca, Marta and others},
  booktitle={Seminars in arthritis and rheumatism},
  volume={48},
  number={2},
  pages={240--255},
  year={2018},
  organization={Elsevier}
}

@article{bertsias2010eular,
  title={EULAR recommendations for the management of systemic lupus erythematosus with neuropsychiatric manifestations: report of a task force of the EULAR standing committee for clinical affairs},
  author={Bertsias, GK and Ioannidis, JPA and Aringer, M and Bollen, E and Bombardieri, Stefano and Bruce, IN and Cervera, R and Dalakas, M and Doria, A and Hanly, JG and others},
  journal={Annals of the rheumatic diseases},
  volume={69},
  number={12},
  pages={2074--2082},
  year={2010},
  publisher={BMJ Publishing Group Ltd}
}

@article{hanly2012screening,
  title={Screening for cognitive impairment in systemic lupus erythematosus},
  author={Hanly, John G and Su, Li and Omisade, Antonina and Farewell, Vernon T and Fisk, John D},
  journal={The Journal of rheumatology},
  volume={39},
  number={7},
  pages={1371--1377},
  year={2012},
  publisher={The Journal of Rheumatology}
}

@article{lai2017evaluation,
  title={An evaluation of health-related quality of life in patients with systemic lupus erythematosus using PROMIS and Neuro-QoL},
  author={Lai, Jin-Shei and Beaumont, Jennifer L and Jensen, Sally E and Kaiser, Karen and Van Brunt, David L and Kao, Amy H and Chen, Shih-Yin},
  journal={Clinical rheumatology},
  volume={36},
  number={3},
  pages={555--562},
  year={2017},
  publisher={Springer}
}

@article{jekel2015mild,
  title={Mild cognitive impairment and deficits in instrumental activities of daily living: a systematic review},
  author={Jekel, Katrin and Damian, Marinella and Wattmo, Carina and Hausner, Lucrezia and Bullock, Roger and Connelly, Peter J and Dubois, Bruno and Eriksdotter, Maria and Ewers, Michael and Graessel, Elmar and others},
  journal={Alzheimer's research \& therapy},
  volume={7},
  number={1},
  pages={17},
  year={2015},
  publisher={Springer}
}

@article{kjork2016daily,
  title={Daily life consequences, cognitive impairment, and fatigue after transient ischemic attack},
  author={Kj{\"o}rk, E and Blomstrand, C and Carlsson, G and Lundgren-Nilsson, {\AA} and Gustafsson, C},
  journal={Acta Neurologica Scandinavica},
  volume={133},
  number={2},
  pages={103--110},
  year={2016},
  publisher={Wiley Online Library}
}

@article{mioshi2007activities,
  title={Activities of daily living in frontotemporal dementia and Alzheimer disease},
  author={Mioshi, E and Kipps, CM and Dawson, K and Mitchell, J and Graham, A and Hodges, JR},
  journal={Neurology},
  volume={68},
  number={24},
  pages={2077--2084},
  year={2007},
  publisher={AAN Enterprises}
}

@article{cleanthous2013constitutes,
  title={What constitutes uncertainty in systemic lupus erythematosus and rheumatoid arthritis?},
  author={Cleanthous, S and Newman, SP and Shipley, M and Isenberg, DA and Cano, SJ},
  journal={Psychology \& Health},
  volume={28},
  number={2},
  pages={171--188},
  year={2013},
  publisher={Taylor \& Francis}
}

@article{sutanto2013experiences,
  title={Experiences and perspectives of adults living with systemic lupus erythematosus: thematic synthesis of qualitative studies},
  author={Sutanto, Bernadet and Singh-Grewal, Davinder and McNeil, H Patrick and O'Neill, Sean and Craig, Jonathan C and Jones, Julie and Tong, Allison},
  journal={Arthritis care \& research},
  volume={65},
  number={11},
  pages={1752--1765},
  year={2013},
  publisher={Wiley Online Library}
}

@article{tayer2019validity,
  title={Validity evidence supports the use of automated neuropsychological assessment metrics as a screening tool for cognitive impairment in lupus},
  author={Tayer-Shifman, Oshrat E and Green, Robin and Beaton, Dorcas and Ruttan, Lesley and Wither, Joan E and Tartaglia, Maria Carmela and Kakvan, Mahta and Lombardi, Sabrina and Anderson, Nicole and Su, Jiandong and others},
  journal={Arthritis Care \& Research},
  year={2019},
  publisher={Wiley Online Library}
}

@article{mikdashi2007proposed,
  title={Proposed response criteria for neurocognitive impairment in systemic lupus erythematosus clinical trials},
  author={Mikdashi, Jamal A},
  journal={Lupus},
  volume={16},
  number={6},
  pages={418--425},
  year={2007},
  publisher={Sage Publications Sage UK: London, England}
}

@article{tomietto2007general,
  title={General and specific factors associated with severity of cognitive impairment in systemic lupus erythematosus},
  author={Tomietto, P and Annese, V and D'agostini, S and Venturini, P and La Torre, G and De Vita, S and Ferraccioli, GF},
  journal={Arthritis Care \& Research},
  volume={57},
  number={8},
  pages={1461--1472},
  year={2007},
  publisher={Wiley Online Library}
}

@article{tam2008relationship,
  title={The relationship between neuropsychiatric, clinical, and laboratory variables and quality of life of Chinese patients with systemic lupus erythematosus},
  author={Tam, Lai-Shan and Wong, Adrian and Mok, Vincent CT and Zhu, Yan-Er and Kwok, Lai-Wa and Li, Tena K and Wong, Kong-Chiu and Li, Edmund K},
  journal={The Journal of rheumatology},
  volume={35},
  number={6},
  pages={1038--1045},
  year={2008},
  publisher={The Journal of Rheumatology}
}

@article{hochberg1997updating,
  title={Updating the American College of Rheumatology revised criteria for the classification of systemic lupus erythematosus},
  author={Hochberg, Marc C},
  journal={Arthritis \& Rheumatism: Official Journal of the American College of Rheumatology},
  volume={40},
  number={9},
  pages={1725--1725},
  year={1997},
  publisher={Wiley Online Library}
}

@inproceedings{touma2018does,
  title={Does Cognitive Function Change over-Time in Systemic Lupus Erythematosus?},
  author={Touma, Zahi and Green, Robin and Tartaglia, Carmela and Ruttan, Lesley and Lombardi, Sabrina and Anderson, Nicole and Su, Jiandong and Colosimo, Kenneth and Vitti, Michelle and Wither, Joan E and others},
  booktitle={ARTHRITIS \& RHEUMATOLOGY},
  volume={70},
  year={2018},
  organization={WILEY 111 RIVER ST, HOBOKEN 07030-5774, NJ USA}
}

@article{jackson2011multi,
  title={Multi-state models for panel data: the msm package for R},
  author={Jackson, Christopher H and others},
  journal={Journal of statistical software},
  volume={38},
  number={8},
  pages={1--29},
  year={2011}
}

