@article{murthy2020care,
  title={Care for critically ill patients with COVID-19},
  author={Murthy, Srinivas and Gomersall, Charles D and Fowler, Robert A},
  journal={Jama},
  year={2020}
}

@article{remuzzi2020covid,
  title={COVID-19 and Italy: what next?},
  author={Remuzzi, Andrea and Remuzzi, Giuseppe},
  journal={The Lancet},
  year={2020},
  publisher={Elsevier}
}

@article{lighter2020obesity,
  title={Obesity in patients younger than 60 years is a risk factor for Covid-19 hospital admission},
  author={Lighter, Jennifer and Phillips, Michael and Hochman, Sarah and Sterling, Stephanie and Johnson, Diane and Francois, Fritz and Stachel, Anna},
  journal={Clinical Infectious Diseases},
  year={2020}
}

@article{Bai,
    author = {Bai, Yan and Yao, Lingsheng and Wei, Tao and Tian, Fei and Jin, Dong-Yan and Chen, Lijuan and Wang, Meiyun},
    title = "{Presumed Asymptomatic Carrier Transmission of COVID-19}",
    journal = {JAMA},
    volume = {323},
    number = {14},
    pages = {1406-1407},
    year = {2020},
    month = {04},
    abstract = "{A novel coronavirus has resulted in an ongoing outbreak of viral pneumonia in China. Person-to-person transmission has been demonstrated, but, to our knowledge, transmission of the novel coronavirus that causes coronavirus disease 2019 (COVID-19) from an asymptomatic carrier with normal chest computed tomography (CT) findings has not been reported.}",
    issn = {0098-7484},
    doi = {10.1001/jama.2020.2565},
    url = {https://doi.org/10.1001/jama.2020.2565},
    eprint = {https://jamanetwork.com/journals/jama/articlepdf/2762028/jama\_bai\_2020\_ld\_200013.pdf},
}

@article{flaxman2020report,
  title={Report 13: Estimating the number of infections and the impact of non-pharmaceutical interventions on COVID-19 in 11 European countries},
  author={Flaxman, Seth and Mishra, Swapnil and Gandy, Axel and Unwin, H and Coupland, H and Mellan, T and Zhu, H and Berah, T and Eaton, J and Perez Guzman, P and others},
  year={2020}
}

@incollection{nishiura2009effective,
  title={The effective reproduction number as a prelude to statistical estimation of time-dependent epidemic trends},
  author={Nishiura, Hiroshi and Chowell, Gerardo},
  booktitle={Mathematical and statistical estimation approaches in epidemiology},
  pages={103--121},
  year={2009},
  publisher={Springer}
}

@article{staff2019correction,
  title={Correction: Accounting for non-stationarity in epidemiology by embedding time-varying parameters in stochastic models},
  author={Staff, The PLOS Computational Biology},
  journal={PLoS computational biology},
  volume={15},
  number={5},
  year={2019},
  publisher={Public Library of Science}
}

@article{arabi2020covid,
  title={COVID-19: a novel coronavirus and a novel challenge for critical care},
  author={Arabi, Yaseen M and Murthy, Srinivas and Webb, Steve},
  journal={Intensive care medicine},
  pages={1--4},
  year={2020},
  publisher={Springer}
}

@online{gob,
  author = {Gobierno de México},
  title = {{Secretaría de salud]} Datos abiertos},
  year = 2020,
  url = {https://datos.gob.mx/busca/dataset/informacion-referente-a-casos-covid-19-en-mexico},
  urldate = {2020-04-22}
}

@article{lauer2020incubation,
  title={The incubation period of coronavirus disease 2019 (COVID-19) from publicly reported confirmed cases: estimation and application},
  author={Lauer, Stephen A and Grantz, Kyra H and Bi, Qifang and Jones, Forrest K and Zheng, Qulu and Meredith, Hannah R and Azman, Andrew S and Reich, Nicholas G and Lessler, Justin},
  journal={Annals of internal medicine},
  year={2020}
}

@online{gobmx,
  author = {Gobierno de México},
  title = {{Secretaría de Salud} COVID-19},
  year = 2020,
  url = {https://coronavirus.gob.mx/},
  urldate = {2020-04-22}
}

@article{deguia,
  title={Gu{\'\i}a operativa para la vigilancia nacional de la Infecci{\'o}n Respiratoria Aguda Grave (IRAG)},
  author={OMS},
  year={2014}
}

@article{romero2019encuesta,
  title={Encuesta Nacional de Salud y Nutrici{\'o}n (Ensanut 2018): metodolog{\'\i}a y perspectivas},
  author={Romero-Mart{\'\i}nez, Mart{\'\i}n and Shamah-Levy, Teresa and Vielma-Orozco, Edgar and Heredia-Hern{\'a}ndez, Octavio and Mojica-Cuevas, Jaime and Cuevas-Nasu, Luc{\'\i}a and Rivera-Dommarco, Juan},
  journal={salud p{\'u}blica de m{\'e}xico},
  volume={61},
  number={6, nov-dic},
  pages={917--923},
  year={2019}
}

@article{ferguson2020report,
  title={Report 9: Impact of non-pharmaceutical interventions (NPIs) to reduce COVID19 mortality and healthcare demand},
  author={Ferguson, Neil and Laydon, Daniel and Nedjati Gilani, Gemma and Imai, Natsuko and Ainslie, Kylie and Baguelin, Marc and Bhatia, Sangeeta and Boonyasiri, Adhiratha and Cucunuba Perez, ZULMA and Cuomo-Dannenburg, Gina and others},
  year={2020}
}
